%% This BibTeX bibliography file was created using BibDesk.
%% http://bibdesk.sourceforge.net/

%% Created for Rudd Fawcett at 2017-10-24 09:42:14 -0400 


%% Saved with string encoding Unicode (UTF-8) 



@techreport{oclc,
	Author = {Author},
	Date-Added = {2017-10-21 15:37:08 +0000},
	Date-Modified = {2017-10-24 03:28:46 +0000},
	Institution = {Online Computer Library Center},
	Journal = {Journal},
	Read = {0},
	Title = {Quantifying the Entire Library Universe},
	Year = {2017}}

@comment{BibDesk Static Groups{
<?xml version="1.0" encoding="UTF-8"?>
<!DOCTYPE plist PUBLIC "-//Apple//DTD PLIST 1.0//EN" "http://www.apple.com/DTDs/PropertyList-1.0.dtd">
<plist version="1.0">
<array>
	<dict>
		<key>group name</key>
		<string>Stats530-Library</string>
		<key>keys</key>
		<string>oclc</string>
	</dict>
</array>
</plist>
}}
